@misc{stackexchange2012turing,
  title={Are there any disadvantages of TeX being Turing complete?},
  author={StackExchange},
  year={2012},
  howpublished={\url{https://tex.stackexchange.com/questions/58042/are-there-any-disadvantages-of-tex-being-turing-complete}},
  note={Accessed: 2024-03-10}
}

@misc{wikipedia2022rices,
  title={Rice's theorem},
  author={Wikipedia},
  year={2022},
  howpublished={\url{https://en.wikipedia.org/wiki/Rice%27s_theorem}},
  note={Accessed: 2024-03-10}
}

@misc{esolangs2022esoteric,
    title={Esoteric programming language},
    author={Esolangs},
    year={2022},
    howpublished={\url{https://esolangs.org/wiki/Esoteric_programming_language}},
    note={Accessed: 2024-03-10}
}

@misc{esolangs2022shakespeare,
    title={Shakespeare Programming Language},
    author={Esolangs},
    year={2022},
    howpublished={\url{https://esolangs.org/wiki/Shakespeare}},
    note={Accessed: 2024-03-10}
}

@misc{esolangs202299bottles,
    title={99 Bottles of Pain},
    author={Esolangs},
    year={2022},
    howpublished={\url{https://esolangs.org/wiki/99_bottles_of_pain}},
    note={Accessed: 2024-03-10}
}

@misc{linuxsimply2022bash,
    title={Is Bash a Programming Language?},
    author={LinuxSimply},
    year={2022},
    howpublished={\url{https://linuxsimply.com/bash-scripting-tutorial/introduction/is-bash-a-programming-language/}},
    note={Accessed: 2024-03-10}
}

@misc{utc2021visuallogic,
    title={Visual Logic Instructions},
    author={UTC},
    year={2021},
    howpublished={\url{https://www.utc.edu/sites/default/files/2021-04/1100-vl2.pdf}},
    note={Accessed: 2024-03-10}
}

@misc{drmemory2022,
    title={Dr. Memory},
    author={Dr. Memory},
    year={2022},
    howpublished={\url{https://drmemory.org}},
    note={Accessed: 2024-03-10}
}